@book{raymer,
  title={Aircraft Design: A Conceptual Approach},
  author={Raymer, Daniel P},
  series={AIAA Education Series},
  year={1992},
  publisher={AIAA},
  address={California},
  pages={1-500},
}

@article{vargas,
  title={Development of a Wave Drag Prediction Tool for the Conceptual Design Phase},
  author={Vargas, J A and Vos, R},
  journal={AIAA Journal},
  volume={00},
  number={00},
  pages={00},
  year={2016},
  publisher={American Institute of Aeronautics and Astronautics},
  doi = {10.2514/6.2016-1279}
}

@article{mcdevitt,
    author={J. B. McDevitt},
    title={A correlation by means of transonic similarity rules of experimentally determined characteristics of a series of symmetrical and cambered wings of rectangular planform},
    journal={Tech. Rep. 1253, NACA},
    year={1951}
}

@article{deltaMethod,
  title={Delta Method, An Empirical Drag Buildup Technique},
  author={R.C. Feagin, et al},
  journal={National Technical Information Service},
  volume={NASA-CR-151971},
  number={N79-17801},
  pages={},
  year={1978},
  publisher={National Aeronautics and Space Administration},
}

@article{RFP,
  title={Request for Proposal, 2019-2020 Undergraduate Team Aircraft},
  author={AIAA},
  year={2019-2020},
  publisher={American Institute of Aeronautics and Astronautics},
}

@misc{toilet,
    title={Recirculating toilet system for use in aircraft or the like},
    author={Kemper, James M.},
    year={1975},
    howpublished={\url{https://worldwide.espacenet.com/textdoc?DB=EPODOC&IDX=US3922730}}
    }

@misc{adaseating,
    title={14 CFR § 382.81},
    author={FAA},
    year={n.a.},
    howpublished={\url{https://www.law.cornell.edu/cfr/text/14/382.81}}
    }

@misc{xwb,
  title = {Rolls-Royce Trent XWB},
  howpublished = {\url{https://www.rolls-royce.com/~/media/Files/R/Rolls-Royce/documents/civil-aerospace-downloads/trent-xwb-infographic.pdf}},
  year = {2018},
  note = {Accessed: 2020-02-11}
}


@online{xwb2,
  author = {NA},
  title = {EASA Certifies A350-1000 Engine},
  year = {2017},
  url = {https://www.flightglobal.com/systems-and-interiors/easa-certifies-a350-1000-engine/125257.article},
  urldate = {2020-02-11}
}

@book{butterworth,
  title={Civil Jet Aircraft Design},
  author={Jenkinson, L., Simpking, P., \& Rhodes, D.},
  year={1999},
  publisher={AIAA \& Butterworth-Heinemann},
  address={California},
}

@book{torenbeek,
    title={Advanced Aircraft Design},
    author={E. Torenbeek},
    publisher={Wiley},
    address={Chichester, UK},
    year={2013}
}

@manual{ge90,
    organization  = "U.S. DEPARTMENT OF TRANSPORTATION; FAA",
    title         = "TYPE CERTIFICATE DATA SHEET E00049EN",
    number        = "E00049EN",
    year          =  2016,
    month         =  6,    
    note          = "Rev. 19"
}

@online{ge,
  author = {GE Aviation},
  title = {The GE90 Engine},
  year = {n.a.},
  url = {https://www.geaviation.com/commercial/engines/ge90-engine},
  urldate = {2020-02-11}
}

@online{safran,
  author = {Safran},
  title = {Commericial Aircraft Engines - GE90},
  year = {2020-02-11},
  url = {https://www.safran-aircraft-engines.com/file/download/fiche_ge90_ang.pdf}
}

@online{PW,
  author = {Pratt \& Whitney},
  title = {PW4000-94 ENGINE},
  year = {2020-02-11},
  url = {https://www.pw.utc.com/products-and-services/products/commercial-engines/pw4000-94}
}


@manual{faapw,
    organization  = "U.S. DEPARTMENT OF TRANSPORTATION; FAA",
    title         = "TYPE CERTIFICATE DATA SHEET E36NE ",
    number        = "EE36NE",
    year          =  2014,
    month         =  5,    
    note          = "Rev. 7"
}

@online{gecost,
    author = "NA",
    title = "Record Year For The World's Largest, Most Powerful Jet Engine",
    url  = "https://www.geaviation.com/press-release/ge90-engine-family/record-year-worlds-largest-most-powerful-jet-engine",
    year = {2012-01-19},
    note = "(accessed: 02.11.2020)"
}

@online{hexcel,
  author = {Hexcel},
  title = {HexTow Product Data Sheet},
  year = 2016,
  url = {https://www.hexcel.com/user_area/content_media/raw/AS4D_Aerospace_HexTow_DataSheet.pdf},
  urldate = {2020-04-25}
}

@book{roskam_2,
  title={Part II: Preliminary Configuration Design and Integration of the Propulsion System},
  author={Roskam, Dr. Jan},
  series={Airplane Design},
  year={1985},
  publisher={DAR Corporation},
  address={The University of Kansas},
  pages={1-310},
}

@book{roskam_5,
  title={Part V: Component Weight Estimation},
  author={Roskam, Dr. Jan},
  series={Airplane Design},
  year={1985},
  publisher={DAR Corporation},
  address={The University of Kansas},
  pages={1-209},
}

@online{fbw,
  author = {Gregg Bartley},
  title = {Fly-ByWire Flight Controls},
  year = 2018,
  url = {https://www.davi.ws/avionics/TheAvionicsHandbook_Cap_11.pdf},
}


@online{fuel_system,
    author = {Terry Ford},
    title = {Aircraft Engineering and Aerospace Technology},
    year = {Accessed: 02.27.2020},
    howpublished= {\url{https://www.emerald.com/insight/content/doi/10.1108/00022669810218366/full/html}}
}

@online{electrical_system,
    author = {L. Andrade},
    title = {Design of Boeing 777 Electric System},
    year = {Accessed: 02.28.2020},
    howpublished= {\url{https://ieeexplore.ieee.org/document/149784}}
}

@online{env_system,
    author = {National Research Council (US) Committee on Airliner Cabin Air Quality},
    title = {The Airliner Cabin Environment: Air Quality and Safety},
    year = {Accessed: 03.07.2020},
    howpublished= {\url{https://www.ncbi.nlm.nih.gov/books/NBK219009/}}
}



@online{noise_14,
    author = {NA},
    title = {PART 36 - NOISE STANDARDS: AIRCRAFT TYPE AND AIRWORTHINESS CERTIFICATION},
    year = {Accessed: 03.02.2020},
    howpublished= {\url{https://www.govinfo.gov/content/pkg/CFR-2019-title14-vol1/xml/CFR-2019-title14-vol1-part36.xml#seqnum36.103/}}
}

@online{easa,
    author = {NA},
    title = {Jet Aeroplanes Noise Database},
    year = {Accessed: 03.02.2020},
    howpublished= {\url{shorturl.at/GNQR2/}}
}

}

@online{noise_reduction,
    author = {Matt Kamlet},
    title = {NASA Technologies Significantly Reduce Aircraft Noise},
    year = {Accessed: 04.26.2020},
    howpublished= {\url{https://www.nasa.gov/press-release/nasa-technologies-significantly-reduce-aircraft-noise}}
}

@manual{flight2pdf,
    organization  = "Collins Aerospace",
    title         = "Flight2 Avionics Management System",
    number        = "18-1009-01",
    year          =  2019,
    month         =  7,    
}

@online{flight2page,
    author = {Collins Aerospace},
    title = {Flight2 Integrated Avionics System},
    year = {Accessed: 03.04.2020},
    howpublished= {\url{https://www.rockwellcollins.com/Products-and-Services/Defense/Avionics/Integrated-Cockpit-Solutions/Flight2.aspx}}
}

@manual{fcs7000pdf,
    organization  = "Collins Aerospace",
    title         = "FCS-7000 Flight Control System",
    number        = "147-1003-002",
    year          =  2015,
    month         =  6,    
}

@online{fcs7000page,
    author = {Collins Aerospace},
    title = {FCS-7000 Flight Control System},
    year = {Accessed: 03.04.2020},
    howpublished= {\url{https://www.rockwellcollins.com/Products-and-Services/Defense/Avionics/Autopilot/FCS-7000-Flight-Control-System.aspx}}
}

@online{gecross,
    author = {Aerotime Extra},
    title = {World's Biggest Jet Engine: First Testing},
    year = {Accessed: 03.04.2020},
    howpublished= {\url{https://www.aerotime.aero/aerotime.extra/23146-worlds-biggest-jet-engine-first-testing}}
}

@online{bridgestonetire,
    author = {Bridgestone},
    title = {Bridgestone to get Approval for Boeing 777-200LR/-300ER},
    year = {Accessed: 03.07.2020},
    howpublished= {\url{https://www.bridgestone.com/products/speciality_tires/aircraft/whatsnew/20040120_01.html}}
}

@online{bcacomposite,
    author = {Boeing Commercial Aircraft},
    title = {COMPOSITES IN THE AIRFRAME AND PRIMARY STRUCTURE},
    year = {Accessed: 03.01.2020},
    howpublished= {\url{http://www.boeing.com/commercial/aeromagazine/articles/qtr_4_06/article_04_2.html}}
}

@online{dapca,
    author = {Dr. Serkan Özgen},
    title = {AE 452 Aeronautical Engineering Design II: Cost of an Airplane},
    year = {Accessed: 03.06.2020},
    howpublished= {\url{http://www.ae.metu.edu.tr/~ae452sc2/cost.pdf}}
}

@online{compositecost,
    author = {Clifford Lester and Dr. Steven Nutt},
    title = {Composite Materials: Advantages and Cost Factors},
    year = {Accessed: 03.06.2020},
    howpublished= {\url{http://www.elevatedmaterials.com/wp-content/uploads/2018/04/White-Paper-1-CFRP-Advantages-Cost-Factors.pdf}}
}

@manual{cfr,
    organization  = "U.S. DEPARTMENT OF TRANSPORTATION; FAA",
    title         = "AIRWORTHINESS STANDARDS: TRANSPORT CATEGORY AIRPLANES",
    number        = "14 CFR PART 25",
    year          =  2011,
    month         =  12,    
}

@online{geifsd,
  author = {GE Aviation},
  title = {Record Year For The World's Largest, Most Powerful Jet Engine},
  year = {2012},
  url = {https://www.geaviation.com/press-release/ge90-engine-family/record-year-worlds-largest-most-powerful-jet-engine},
  urldate = {2020-02-11}
}

@online{nautical,
    author = {ICAO},
    title = {Sigmet Quick Reference Guide: WS SIGMET},
    year = {2016},
    url = {https://www.icao.int/APAC/Documents/edocs/WS-SIGMET.pdf},
    urldate = {2020-04-30}
}

@online{xflr5,
    author = {Andre},
    title = {XFLR5 Software},
    year = {Accessed: 02.10.2020},
    howpublished={\url{http://www.xflr5.tech/xflr5.htm}}
    }
@online{selig,
    author={Michael S Selig},
    title={UIUC Airfoil Coordinates Database},
    note={UIUC Applied Aerodynamics Group},
    year = {Accessed: 02.07.2020},
    howpublished={\url{https://m-selig.ae.illinois.edu/ads/coord_database.html}}
    }
    
@article{supercritical,
    author={Yvonne Gibbs},
    title={NASA Armstrong Fact Sheet: F-8 Supercritical Wing},
    journal={NASA},
    year={2014},
    note = {\url{https://www.nasa.gov/centers/armstrong/news/FactSheets/FS-044-DFRC.html}. Accessed: 02.07.2020.}
    }
    
@online{suppliers,
  author = {Airframer},
  title = {Boeing 777},
  year = {2020-04-08},
  url = {http://www.airframer.com/aircraft_detail.html?model=B777}
}

@online{aluminum,
  author = {ASM},
  title = {2000 Series Aluminum Alloy; Aluminum Alloy; Metal; Nonferrous Metal},
  year = {2020-04-020},
  url = {http://asm.matweb.com/search/SpecificMaterial.asp?bassnum=MA2024T4}
}

@online{slides,
    author={EASA},
    title={European Technical Standard Order: Subject Emergency Evacuation Slides, Ramps, Ramp/Slides, and Slide/Rafts},
    year = {2003},
    url = {https://www.easa.europa.eu/download/etso/ETSO-C69c_CS-ETSO_0.pdf}
}

@online{pilotsalary,
    author={NA},
    title={Pilot Salaries},
    publisher={Indeed},
    year = {Accessed: 04.20.2020},
    howpublished={\url{https://www.indeed.com/career/pilot/salaries}}
}

@online{flightsalary,
    author={NA},
    title={Flight Attendant Salary in the United States},
    publisher={Salary.com},
    year = {Accessed: 04.20.2020},
    howpublished={\url{https://www.salary.com/research/salary/benchmark/flight-attendant-salary}}
}
    
@online{boeingproduction,
    author={NA},
    title={Commercial Airplanes Fact Sheet},
    publisher={Boeing},
    year = {Accessed: 04.20.2020},
    howpublished={\url{https://investors.boeing.com/investors/fact-sheets/default.aspx}}
}

@online{winglets,
    author={Nancy Hall},
    title={Winglets},
    publisher={NASA},
    year={2015},
    url = {https://www.grc.nasa.gov/WWW/K-12/airplane/winglets.html}
}

@online{avl,
    author={Mark Drela \& Harold Youngren},
    title={AVL Overview},
    publisher={MIT.edu},
    year={2004},
    url = {https://web.mit.edu/drela/Public/web/avl/}
}

@article{epstein,
  title={Aeropropulsion for Commercial Aviation in the Twenty-First Century and Research Directions Needed},
  author={Epstein, Alah H},
  journal={AIAA Journal},
  volume={52},
  number={5},
  pages={},
  year={2014},
  publisher={American Institute of Aeronautics and Astronautics},
  doi = {10.2514/1.J052713}
}
