@article{vatistas1986reverse,
  title={Reverse Flow Radius in Vortex Chambers},
  author={Vatistas, G H and Lin, S and Kwok, C K},
  journal={AIAA Journal},
  volume={24},
  number={11},
  pages={1872, 1873},
  year={1986},
  publisher={American Institute of Aeronautics and Astronautics},
  doi = {10.2514/3.13046}
}

@article{dornheim1996planetary,
  title={Planetary Flight Surge Faces Budget Realities},
  author={Dornheim, Michael A},
  journal={Aviation Week \& Space Technology},
  volume={145},
  number={24},
  pages={44--46},
  year={1996}
}

@article{terster1997nasa,
  title={NASA Considers Switch to Delta 2},
  author={Terster, W},
  journal={Space News},
  volume={8},
  number={2},
  pages={13--19},
  year={1997}
}

@inbook{peyret2012computational,
  title={Computational Methods for Fluid Flow},
  edition={2},
  author={Peyret, Roger and Taylor, Thomas D},
  year={1983},
  publisher={Springer-Verlag},
  address={New York},
  chapter={7, 14}
}

@inbook{oates1997aerothermodynamics,
  title={Aerothermodynamics of Gas Turbine and Rocket Propulsion},
  series={AIAA Education Series},
  editor={Oates, Gordon C},
  year={1984},
  publisher={AIAA},
  address={New York},
  pages={19, 136},
}

@incollection{volpe1994techniques,
  title={Techniques for Collision Prevention, Impact Stability, and Force Control by Space Manipulators},
  author={Volpe, Richard},
  booktitle={Teleoperation and Robotics in Space},
  series={Progress in Astronautics and Aeronautics},
  editor={S. B. Skaar and C. F. Ruoff},
  pages={175--212},
  year={1994},
  publisher={AIAA},
  address={Washington, DC}
}

@inproceedings{thompsonspacecraft,
  title={Spacecraft Thermal Control, Design, and Operation},
  author={Thompson, C M},
  booktitle={AIAA Guidance, Navigation, and Control Conference},
  series={CP849},
  volume={1},
  year={1989},
  pages={103--115},
  publisher={AIAA},
  address={Washington, DC}
}

@proceedings{chi1993fluid,
  title={Fluid Mechanics Proceedings},
  editor={Chi, Y},
  series={NASA SP-255},
  year={1993}
}

@article{brandis2016nonequi,
  title={Nonequilibrium Radiation for Earth Entry},
  author={Aaron M. Brandis and Christopher O. Johnston and Brett A. Cruden},
  journal={AIAA Paper 2016--3690},
  year={June 2016},
  doi={10.2514/6.2016-3690}
}

@misc{WinNT,
  title = {{MS Windows NT} Kernel Description},
  howpublished = {\url{http://web.archive.org/web/20080207010024/http://www.808multimedia.com/winnt/kernel.htm}},
  note = {Accessed: 2010-09-30}
}

@online{WinNT,
  author = {MultiMedia LLC},
  title = {{MS Windows NT} Kernel Description},
  year = 1999,
  url = {http://web.archive.org/web/20080207010024/http://www.808multimedia.com/winnt/kernel.htm},
  urldate = {2010-09-30}
}

@book{raymer,
  title={Aircraft Design: A Conceptual Approach},
  author={Raymer, Daniel P},
  series={AIAA Education Series},
  year={1992},
  publisher={AIAA},
  address={California},
  pages={1-500},
}

@article{vargas,
  title={Development of a Wave Drag Prediction Tool for the Conceptual Design Phase},
  author={Vargas, J A and Vos, R},
  journal={AIAA Journal},
  volume={00},
  number={00},
  pages={00},
  year={2016},
  publisher={American Institute of Aeronautics and Astronautics},
  doi = {10.2514/6.2016-1279}
}

@article{RFP,
  title={Request for Proposal, 2019-2020 Undergraduate Team Aircraft},
  author={AIAA},
  year={2019-2020},
  publisher={American Institute of Aeronautics and Astronautics},
}

@misc{toilet,
    title={Recirculating toilet system for use in aircraft or the like},
    author={Kemper, James M.},
    year={1975},
    howpublished={\url{https://worldwide.espacenet.com/textdoc?DB=EPODOC&IDX=US3922730}}
    }

@misc{adaseating,
    title={14 CFR § 382.81},
    author={FAA},
    year={n.a.},
    howpublished={\url{https://www.law.cornell.edu/cfr/text/14/382.81}}
    }

@misc{xwb,
  title = {Rolls-Royce Trent XWB},
  howpublished = {\url{https://www.rolls-royce.com/~/media/Files/R/Rolls-Royce/documents/civil-aerospace-downloads/trent-xwb-infographic.pdf}},
  year = {2018},
  note = {Accessed: 2020-02-11}
}


@online{xwb2,
  author = {NA},
  title = {EASA Certifies A350-1000 Engine},
  year = {2017},
  url = {https://www.flightglobal.com/systems-and-interiors/easa-certifies-a350-1000-engine/125257.article},
  urldate = {2020-02-11}
}

@book{butterworth,
  title={Civil Jet Aircraft Design},
  author={Jenkinson, L., Simpking, P., \& Rhodes, D.},
  year={1999},
  publisher={AIAA \& Butterworth-Heinemann},
  address={California},
}

@manual{ge90,
    organization  = "U.S. DEPARTMENT OF TRANSPORTATION; FAA",
    title         = "TYPE CERTIFICATE DATA SHEET E00049EN",
    number        = "E00049EN",
    year          =  2016,
    month         =  6,    
    note          = "Rev. 19"
}

@online{ge,
  author = {GE Aviation},
  title = {The GE90 Engine},
  year = {n.a.},
  url = {https://www.geaviation.com/commercial/engines/ge90-engine},
  urldate = {2020-02-11}
}

@online{safran,
  author = {Safran},
  title = {Commericial Aircraft Engines - GE90},
  year = {2020-02-11},
  url = {https://www.safran-aircraft-engines.com/file/download/fiche_ge90_ang.pdf}
}

@online{PW,
  author = {Pratt \& Whitney},
  title = {PW4000-94 ENGINE},
  year = {2020-02-11},
  url = {https://www.pw.utc.com/products-and-services/products/commercial-engines/pw4000-94}
}

@manual{faapw,
    organization  = "U.S. DEPARTMENT OF TRANSPORTATION; FAA",
    title         = "TYPE CERTIFICATE DATA SHEET E36NE ",
    number        = "EE36NE",
    year          =  2014,
    month         =  5,    
    note          = "Rev. 7"
}

@online{gecost,
    author = "NA",
    title = "Record Year For The World's Largest, Most Powerful Jet Engine",
    url  = "https://www.geaviation.com/press-release/ge90-engine-family/record-year-worlds-largest-most-powerful-jet-engine",
    year = {2012-01-19},
    note = "(accessed: 02.11.2020)"
}

@online{787_Mat,
  author = {The Boeing Company},
  title = {Advance Composite Use},
  year = 2020,
  url = {https://www.boeing.com/commercial/787/by-design/#/advanced-composite-use},
  urldate = {2020-02-10}
}

@online{ashby,
    author = {NA},
    title = {Material Property Charts},
    year = {Accessed: 02.11.2020},
    howpublished= {\url{https://grantadesign.com/education/students/charts/}}
}

@book{roskam_2,
  title={Part II: Preliminary Configuration Design and Integration of the Propulsion System},
  author={Roskam, Dr. Jan},
  series={Airplane Design},
  year={1985},
  publisher={DAR Corporation},
  address={The University of Kansas},
  pages={1-310},
}

@book{roskam_5,
  title={Part V: Component Weight Estimation},
  author={Roskam, Dr. Jan},
  series={Airplane Design},
  year={1985},
  publisher={DAR Corporation},
  address={The University of Kansas},
  pages={1-209},
}

@online{fbw,
  author = {Gregg Bartley},
  title = {Fly-ByWire Flight Controls},
  year = 2018,
  url = {https://www.davi.ws/avionics/TheAvionicsHandbook_Cap_11.pdf},
}


@online{fuel_system,
    author = {Terry Ford},
    title = {Aircraft Engineering and Aerospace Technology},
    year = {Accessed: 02.27.2020},
    howpublished= {\url{https://www.emerald.com/insight/content/doi/10.1108/00022669810218366/full/html}}
}

@online{noise_14,
    author = {NA},
    title = {PART 36 - NOISE STANDARDS: AIRCRAFT TYPE AND AIRWORTHINESS CERTIFICATION},
    year = {Accessed: 03.02.2020},
    howpublished= {\url{https://www.govinfo.gov/content/pkg/CFR-2019-title14-vol1/xml/CFR-2019-title14-vol1-part36.xml#seqnum36.103/}}
}

@online{easa,
    author = {NA},
    title = {Jet Aeroplanes Noise Database},
    year = {Accessed: 03.02.2020},
    howpublished= {\url{shorturl.at/GNQR2/}}
}

@manual{flight2pdf,
    organization  = "Collins Aerospace",
    title         = "Flight2 Avionics Management System",
    number        = "18-1009-01",
    year          =  2019,
    month         =  7,    
}

@online{flight2page,
    author = {Collins Aerospace},
    title = {Flight2 Integrated Avionics System},
    year = {Accessed: 03.04.2020},
    howpublished= {\url{https://www.rockwellcollins.com/Products-and-Services/Defense/Avionics/Integrated-Cockpit-Solutions/Flight2.aspx}}
}

@manual{fcs7000pdf,
    organization  = "Collins Aerospace",
    title         = "FCS-7000 Flight Control System",
    number        = "147-1003-002",
    year          =  2015,
    month         =  6,    
}

@online{fcs7000page,
    author = {Collins Aerospace},
    title = {FCS-7000 Flight Control System},
    year = {Accessed: 03.04.2020},
    howpublished= {\url{https://www.rockwellcollins.com/Products-and-Services/Defense/Avionics/Autopilot/FCS-7000-Flight-Control-System.aspx}}
}

@online{gecross,
    author = {Aerotime Extra},
    title = {World's Biggest Jet Engine: First Testing},
    year = {Accessed: 03.04.2020},
    howpublished= {\url{https://www.aerotime.aero/aerotime.extra/23146-worlds-biggest-jet-engine-first-testing}}
}

@online{bridgestonetire,
    author = {Bridgestone Corporation},
    title = {Bridgestone to get Approval for Boeing 777-200LR/-300ER},
    year = {Accessed: 03.07.2020},
    howpublished= {\url{https://www.bridgestone.com/products/speciality_tires/aircraft/whatsnew/20040120_01.html}}
}

@online{bcacomposite,
    author = {Boeing Commercial Aircraft},
    title = {COMPOSITES IN THE AIRFRAME AND PRIMARY STRUCTURE},
    year = {Accessed: 03.01.2020},
    howpublished= {\url{http://www.boeing.com/commercial/aeromagazine/articles/qtr_4_06/article_04_2.html}}
}

@online{dapca,
    author = {Dr. Serkan Özgen},
    title = {AE 452 Aeronautical Engineering Design II: Cost of an Airplane},
    year = {Accessed: 03.06.2020},
    howpublished= {\url{http://www.ae.metu.edu.tr/~ae452sc2/cost.pdf}}
}

@online{compositecost,
    author = {Clifford Lester and Dr. Steven Nutt},
    title = {Composite Materials: Advantages and Cost Factors},
    year = {Accessed: 03.06.2020},
    howpublished= {\url{http://www.elevatedmaterials.com/wp-content/uploads/2018/04/White-Paper-1-CFRP-Advantages-Cost-Factors.pdf}}
}

@manual{cfr,
    organization  = "U.S. DEPARTMENT OF TRANSPORTATION; FAA",
    title         = "AIRWORTHINESS STANDARDS: TRANSPORT CATEGORY AIRPLANES",
    number        = "14 CFR PART 25",
    year          =  1964,
    month         =  12,    
}

@online{xflr5,
    author = {Andre},
    title = {XFLR5 Software},
    year = {Accessed: 02.10.2020},
    howpublished={\url{http://www.xflr5.tech/xflr5.htm}}
    }
    
@online{selig,
    author={Michael S Selig},
    title={},
    publisher={UIUC Applied Aerodynamics Group},
    year = {Accessed: 02.07.2020},
    howpublished={\url{https://m-selig.ae.illinois.edu/ads/coord_database.html}}
    }
    
    @online{pilotsalary,
    author={NA},
    title={Pilot Salaries},
    publisher={Indeed},
    year = {Accessed: 04.20.2020},
    howpublished={\url{https://www.indeed.com/career/pilot/salaries}}
    }
    
        @online{flightsalary,
    author={NA},
    title={Flight Attendant Salary in the United States},
    publisher={Salary.com},
    year = {Accessed: 04.20.2020},
    howpublished={\url{https://www.salary.com/research/salary/benchmark/flight-attendant-salary}}
    }
    
@online{boeingproduction,
    author={NA},
    title={Commercial Airplanes Fact Sheet},
    publisher={Boeing},
    year = {Accessed: 04.20.2020},
    howpublished={\url{https://investors.boeing.com/investors/fact-sheets/default.aspx}}
    }
    
    @article{epstein,
  title={Aeropropulsion for Commercial Aviation in the Twenty-First Century and Research Directions Needed},
  author={Epstein, Alah H},
  journal={AIAA Journal},
  volume={52},
  number={5},
  year={2014},
  publisher={American Institute of Aeronautics and Astronautics},
  doi = {10.2514/1.J052713}
}